<record><leader>00000cas a22000007a 4500</leader><controlfield tag="001">24123964</controlfield><controlfield tag="008">910724d19641964mouwr ne      0    0eng d</controlfield><datafield ind1=" " ind2=" " tag="010"><subfield code="a">sn 91061133 </subfield></datafield><datafield ind1=" " ind2=" " tag="040"><subfield code="a">MQN</subfield><subfield code="b">eng</subfield><subfield code="c">MQN</subfield><subfield code="d">OCLCQ</subfield></datafield><datafield ind1=" " ind2=" " tag="042"><subfield code="a">msc</subfield></datafield><datafield ind1="0" ind2=" " tag="130"><subfield code="a">Spirit (Ferguson, Mo.)</subfield></datafield><datafield ind1="1" ind2="4" tag="245"><subfield code="a">The spirit.</subfield></datafield><datafield ind1=" " ind2=" " tag="250"><subfield code="a">Ferguson ed.</subfield></datafield><datafield ind1=" " ind2=" " tag="260"><subfield code="a">Ferguson, Mo. :</subfield><subfield code="b">St. Louis County Publisher,</subfield><subfield code="c">1964.</subfield></datafield><datafield ind1=" " ind2=" " tag="300"><subfield code="a">v.</subfield></datafield><datafield ind1=" " ind2=" " tag="310"><subfield code="a">Weekly</subfield></datafield><datafield ind1="0" ind2=" " tag="362"><subfield code="a">Vol. 4, no. 37 (Mar. 4, 1964)-v. 4, no. 43 (Apr. 15, 1964).</subfield></datafield><datafield ind1=" " ind2="4" tag="651"><subfield code="a">Ferguson (Mo.)</subfield><subfield code="v">Newspapers.</subfield></datafield><datafield ind1=" " ind2=" " tag="752"><subfield code="a">United States</subfield><subfield code="b">Missouri</subfield><subfield code="c">Saint Louis</subfield><subfield code="d">Ferguson.</subfield></datafield><datafield ind1="0" ind2="0" tag="780"><subfield code="t">Spirit of Ferguson</subfield><subfield code="w">(DLC)sn 91061132</subfield></datafield><datafield ind1="0" ind2="0" tag="785"><subfield code="t">Spirit of St. Louis County</subfield><subfield code="w">(DLC)sn 91061134</subfield></datafield><datafield ind1="1" ind2=" " tag="029"><subfield code="a">AU@</subfield><subfield code="b">000025897939</subfield></datafield></record>